# Citation format was taken from https://tools.ietf.org/html/draft-carpenter-rfc-citation-recs-01#section-5.2

@techreport {rfc7568,
    author = "{R. Barnes, M. Thomson, A. Pironti, A. Langley}",
    title = "{Deprecating Secure Sockets Layer Version 3.0.}",
    howpublished = {Internet Requests for Comments},
    type = "{RFC}",
    number = 7568,
    pages = {1-7},
    year = {2015},
    month = {June},
    issn = {2070-1721},
    publisher = "{RFC Editor}",
    institution = "{RFC Editor}",
    url = {http://www.rfc-editor.org/rfc/rfc7568.txt}
}

@techreport {rfc6101,
    author = "{A. Freier, P. Karlton, P. Kocher}",
    title = "{The Secure Sockets Layer (SSL) Protocol Version 3.0}",
    howpublished = {Internet Requests for Comments},
    type = "{RFC}",
    number = 6101,
    pages = {1-67},
    year = {2011},
    month = {August},
    issn = {2070-1721},
    publisher = "{RFC Editor}",
    institution = "{RFC Editor}",
    url = {http://www.rfc-editor.org/rfc/rfc6101.txt}
}

@techreport {rfc5246,
    author = "{T. Dierks, E. Rescorla}",
    title = "{The Transport Layer Security (TLS) Protocol Version 1.2}",
    howpublished = {Internet Requests for Comments},
    type = "{RFC}",
    number = 5246,
    pages = {1-104},
    year = {2008},
    month = {August},
    publisher = "{RFC Editor}",
    institution = "{RFC Editor}",
    url = {http://www.rfc-editor.org/rfc/rfc5246.txt}
}

@techreport {rfc4346,
    author = "{T. Dierks, E. Rescorla}",
    title = "{The Transport Layer Security (TLS) Protocol Version 1.1}",
    howpublished = {Internet Requests for Comments},
    type = "{RFC}",
    number = 4643,
    pages = {1-87},
    year = {2006},
    month = {April},
    publisher = "{RFC Editor}",
    institution = "{RFC Editor}",
    url = {http://www.rfc-editor.org/rfc/rfc4346.txt}
}

@techreport {rfc5280,
    author = "{D. Cooper, S. Santesson, S. Farrell, S. Boeyen, R. Housley, W. Polk}",
    title = "{Internet X.509 Public Key Infrastructure Certificate and Certificate Revocation List (CRL) Profile}",
    howpublished = {Internet Requests for Comments},
    type = "{RFC}",
    number = 5280,
    pages = {1-151},
    year = {2008},
    month = {May},
    publisher = "{RFC Editor}",
    institution = "{RFC Editor}",
    url = {http://www.rfc-editor.org/rfc/rfc5280.txt}
}

@techreport {rfc6066,
    author = "{D. Eastlake}",
    title = "{Transport Layer Security (TLS) Extensions: Extension Definitions}",
    howpublished = {Internet Requests for Comments},
    type = "{RFC}",
    number = 6066,
    pages = {1-25},
    year = {2011},
    month = {January},
    publisher = "{RFC Editor}",
    institution = "{RFC Editor}",
    url = {http://www.rfc-editor.org/rfc/rfc6066.txt}
}
